@article{ 4plus1,
  author = {Philippe Kruchten},
  title = {The 4+1 View Model of Architecture},
  journal ={IEEE Software},
  volume = {12},
  number = {6},
  issn = {0740-7459},
  year = {1995},
  pages = {42-50},
  doi = {http://doi.ieeecomputersociety.org/10.1109/52.469759},
  publisher = {IEEE Computer Society},
  address = {Los Alamitos, CA, USA},
}

@INCOLLECTION{gqm,
  author = {Victor R. Basili and Gianluigi Caldiera and H. Dieter Rombach},
  title = {The Goal Question Metric Approach},
  booktitle = {Encyclopedia of Software Engineering},
  publisher = {Wiley},
  year = {1994}
}

@article{gqm84,
  author    = {Victor R. Basili and David M. Weiss},
  title     = {A Methodology for Collecting Valid Software Engineering Data},
  journal   = {IEEE Trans. Software Eng.},
  volume    = {10},
  number    = {6},
  year      = {1984},
  pages     = {728-738},
  bibsource = {DBLP, http://dblp.uni-trier.de}
}

@book{docarc,
  author = {Clements, Paul and Garlan, David and Bass, Len and Stafford, Judith
    and Nord, Robert and Ivers, James and Little, Reed},
  title = {Documenting Software Architectures: Views and Beyond},
  year = {2002},
  isbn = {0201703726},
  publisher = {Pearson Education},
}

@book{ddd,
    abstract = {Domain-Driven Design Tackling Complexity in the Heart of Software. NM},
    author = {Evans, Eric},
    citeulike-article-id = {253734},
    citeulike-linkout-0 = {http://www.amazon.ca/exec/obidos/redirect?tag=citeulike09-20&amp;path=ASIN/0321125215},
    citeulike-linkout-1 = {http://www.amazon.de/exec/obidos/redirect?tag=citeulike01-21&amp;path=ASIN/0321125215},
    citeulike-linkout-2 = {http://www.amazon.fr/exec/obidos/redirect?tag=citeulike06-21&amp;path=ASIN/0321125215},
    citeulike-linkout-3 = {http://www.amazon.jp/exec/obidos/ASIN/0321125215},
    citeulike-linkout-4 = {http://www.amazon.co.uk/exec/obidos/ASIN/0321125215/citeulike00-21},
    citeulike-linkout-5 = {http://www.amazon.com/exec/obidos/redirect?tag=citeulike07-20&path=ASIN/0321125215},
    citeulike-linkout-6 = {http://www.worldcat.org/isbn/0321125215},
    citeulike-linkout-7 = {http://books.google.com/books?vid=ISBN0321125215},
    citeulike-linkout-8 = {http://www.amazon.com/gp/search?keywords=0321125215&index=books&linkCode=qs},
    citeulike-linkout-9 = {http://www.librarything.com/isbn/0321125215},
    day = {30},
    edition = {1. A.},
    howpublished = {Hardcover},
    isbn = {0321125215},
    keywords = {reference},
    month = {August},
    posted-at = {2009-09-22 12:25:01},
    priority = {2},
    publisher = {Addison-Wesley Professional},
    title = {Domain-Driven Design: Tackling Complexity in the Heart of Software},
    url = {http://www.amazon.com/exec/obidos/redirect?tag=citeulike07-20&path=ASIN/0321125215},
    year = {2003}
}



